@misc{OriginalSplatting,
	title={3D Gaussian Splatting for Real-Time Radiance Field Rendering}, 
	author={Bernhard Kerbl and Georgios Kopanas and Thomas Leimkühler and George Drettakis},
	year={2023},
	eprint={2308.04079},
	archivePrefix={arXiv},
	primaryClass={cs.GR},
	url={https://arxiv.org/abs/2308.04079}, 
}
@misc{SAGD,
	title={SAGD: Boundary-Enhanced Segment Anything in 3D Gaussian via Gaussian Decomposition}, 
	author={Xu Hu and Yuxi Wang and Lue Fan and Chuanchen Luo and Junsong Fan and Zhen Lei and Qing Li and Junran Peng and Zhaoxiang Zhang},
	year={2025},
	eprint={2401.17857},
	archivePrefix={arXiv},
	primaryClass={cs.CV},
	url={https://arxiv.org/abs/2401.17857}, 
}
@article{SAM,
	title={Segment Anything},
	author={Kirillov, Alexander and Mintun, Eric and Ravi, Nikhila and Mao, Hanzi and Rolland, Chloe and Gustafson, Laura and Xiao, Tete and Whitehead, Spencer and Berg, Alexander C. and Lo, Wan-Yen and Doll{\'a}r, Piotr and Girshick, Ross},
	journal={arXiv:2304.02643},
	year={2023}
}
@misc{SAM2,
	title={SAM 2: Segment Anything in Images and Videos}, 
	author={Nikhila Ravi and Valentin Gabeur and Yuan-Ting Hu and Ronghang Hu and Chaitanya Ryali and Tengyu Ma and Haitham Khedr and Roman Rädle and Chloe Rolland and Laura Gustafson and Eric Mintun and Junting Pan and Kalyan Vasudev Alwala and Nicolas Carion and Chao-Yuan Wu and Ross Girshick and Piotr Dollár and Christoph Feichtenhofer},
	year={2024},
	eprint={2408.00714},
	archivePrefix={arXiv},
	primaryClass={cs.CV},
	url={https://arxiv.org/abs/2408.00714}, 
}
@inproceedings{Nerf,
	title={NeRF: Representing Scenes as Neural Radiance Fields for View Synthesis},
	author={Ben Mildenhall and Pratul P. Srinivasan and Matthew Tancik and Jonathan T. Barron and Ravi Ramamoorthi and Ren Ng},
	year={2020},
	booktitle={ECCV},
}
@online{Aras,
	author    = {Aras Pranckevičius},
	title     = {UnityGaussianSplatting},
	year      = {2023},
	url       = {https://github.com/aras-p/UnityGaussianSplatting},
	note      = {Accessed: 2025-02-16}
}