@INPROCEEDINGS{Mesh,
	author={Schaefer, S. and Warren, J.},
	booktitle={12th Pacific Conference on Computer Graphics and Applications, 2004. PG 2004. Proceedings.}, 
	title={Dual marching cubes: primal contouring of dual grids}, 
	year={2004},
	volume={},
	number={},
	pages={70-76},
	keywords={Topology;Surface cracks;Data mining;Sampling methods;Feature extraction;Magnetic resonance imaging;X-ray tomography;Level set;Chromium;Geometry},
	doi={10.1109/PCCGA.2004.1348336}}
@inproceedings{Nerf,
	title={NeRF: Representing Scenes as Neural Radiance Fields for View Synthesis},
	author={Ben Mildenhall and Pratul P. Srinivasan and Matthew Tancik and Jonathan T. Barron and Ravi Ramamoorthi and Ren Ng},
	year={2020},
	booktitle={ECCV},
}
@misc{OriginalSplatting,
	title={3D Gaussian Splatting for Real-Time Radiance Field Rendering}, 
	author={Bernhard Kerbl and Georgios Kopanas and Thomas Leimkühler and George Drettakis},
	year={2023},
	eprint={2308.04079},
	archivePrefix={arXiv},
	primaryClass={cs.GR},
	url={https://arxiv.org/abs/2308.04079}, 
}
@article{1DGaussian,
	author = {Nguyen, Thanh Tuan and Nguyen, Phuong and Bouchara, Frederic},
	year = {2023},
	month = {08},
	pages = {},
	title = {Representing dynamic textures based on polarized gradient features},
	volume = {34},
	journal = {Machine Vision and Applications},
	doi = {10.1007/s00138-023-01438-7}
}
@article{2DGaussian,
	author = {Sathyamoorthy, Dinesh and Palanikumar, Radhakrishnan},
	year = {2006},
	month = {01},
	pages = {},
	title = {Linear and nonlinear approach for DEM smoothening},
	volume = {2006},
	journal = {Discrete Dynamics in Nature and Society},
	doi = {10.1155/DDNS/2006/63245}
}
@misc{3DGaussian,
	title={GaussianShader: 3D Gaussian Splatting with Shading Functions for Reflective Surfaces}, 
	author={Yingwenqi Jiang and Jiadong Tu and Yuan Liu and Xifeng Gao and Xiaoxiao Long and Wenping Wang and Yuexin Ma},
	year={2023},
	eprint={2311.17977},
	archivePrefix={arXiv},
	primaryClass={cs.CV},
	url={https://arxiv.org/abs/2311.17977}, 
}
@online{ArasRecc1,
	author    = {Nathan Saucier},
	title     = {Gaussian Splatting: Rapid 3D with AI Tools},
	year      = {2024},
	month     = {June},
	day       = {27},
	url       = {https://www.leidenlearninginnovation.org/stories/gaussian-splatting-rapid-3d-with-ai-tools/},
	note      = {Accessed: 2025-02-16}
}
@online{ArasRecc2,
	author    = {Michael Rubloff},
	title     = {Gaussian Splatting Unity Plugin gets VR Support},
	year      = {2024},
	month     = {December},
	day       = {4},
	url       = {https://radiancefields.com/gaussian-splatting-unity-plugin-gets-vr-support},
	note      = {Accessed: 2025-02-16}
}
@online{Aras,
	author    = {Aras Pranckevičius},
	title     = {UnityGaussianSplatting},
	year      = {2023},
	url       = {https://github.com/aras-p/UnityGaussianSplatting},
	note      = {Accessed: 2025-02-16}
}
@online{Plyfile,
	author    = {Darsh Ranjan},
	title     = {python-plyfile},
	year      = {2021},
	url       = {https://github.com/dranjan/python-plyfile},
}
@online{Sorting,
	author    = {Thomas Smith},
	title     = {GPUSorting},
	year      = {2024},
	url       = {https://github.com/b0nes164/GPUSorting},
}
@misc{automesh,
	title={SuGaR: Surface-Aligned Gaussian Splatting for Efficient 3D Mesh Reconstruction and High-Quality Mesh Rendering}, 
	author={Antoine Guédon and Vincent Lepetit},
	year={2023},
	eprint={2311.12775},
	archivePrefix={arXiv},
	primaryClass={cs.GR},
	url={https://arxiv.org/abs/2311.12775}, 
}
@misc{compression,
	title={CompGS: Smaller and Faster Gaussian Splatting with Vector Quantization}, 
	author={KL Navaneet and Kossar Pourahmadi Meibodi and Soroush Abbasi Koohpayegani and Hamed Pirsiavash},
	year={2024},
	eprint={2311.18159},
	archivePrefix={arXiv},
	primaryClass={cs.CV},
	url={https://arxiv.org/abs/2311.18159}, 
}
@misc{physics,
	title={Gaussian Splashing: Unified Particles for Versatile Motion Synthesis and Rendering}, 
	author={Yutao Feng and Xiang Feng and Yintong Shang and Ying Jiang and Chang Yu and Zeshun Zong and Tianjia Shao and Hongzhi Wu and Kun Zhou and Chenfanfu Jiang and Yin Yang},
	year={2024},
	eprint={2401.15318},
	archivePrefix={arXiv},
	primaryClass={cs.GR},
	url={https://arxiv.org/abs/2401.15318}, 
}
@misc{texture,
	title={Textured Gaussians for Enhanced 3D Scene Appearance Modeling}, 
	author={Brian Chao and Hung-Yu Tseng and Lorenzo Porzi and Chen Gao and Tuotuo Li and Qinbo Li and Ayush Saraf and Jia-Bin Huang and Johannes Kopf and Gordon Wetzstein and Changil Kim},
	year={2025},
	eprint={2411.18625},
	archivePrefix={arXiv},
	primaryClass={cs.CV},
	url={https://arxiv.org/abs/2411.18625}, 
}
@misc{vocab1,
	title={Language Embedded 3D Gaussians for Open-Vocabulary Scene Understanding}, 
	author={Jin-Chuan Shi and Miao Wang and Hao-Bin Duan and Shao-Hua Guan},
	year={2023},
	eprint={2311.18482},
	archivePrefix={arXiv},
	primaryClass={cs.CV},
	url={https://arxiv.org/abs/2311.18482}, 
}
@misc{vocab2,
	title={Semantic Gaussians: Open-Vocabulary Scene Understanding with 3D Gaussian Splatting}, 
	author={Jun Guo and Xiaojian Ma and Yue Fan and Huaping Liu and Qing Li},
	year={2024},
	eprint={2403.15624},
	archivePrefix={arXiv},
	primaryClass={cs.CV},
	url={https://arxiv.org/abs/2403.15624}, 
}
@misc{vocab3,
	title={SuperGSeg: Open-Vocabulary 3D Segmentation with Structured Super-Gaussians}, 
	author={Siyun Liang and Sen Wang and Kunyi Li and Michael Niemeyer and Stefano Gasperini and Nassir Navab and Federico Tombari},
	year={2024},
	eprint={2412.10231},
	archivePrefix={arXiv},
	primaryClass={cs.CV},
	url={https://arxiv.org/abs/2412.10231}, 
}
@misc{grouping,
	title={Gaussian Grouping: Segment and Edit Anything in 3D Scenes}, 
	author={Mingqiao Ye and Martin Danelljan and Fisher Yu and Lei Ke},
	year={2024},
	eprint={2312.00732},
	archivePrefix={arXiv},
	primaryClass={cs.CV},
	url={https://arxiv.org/abs/2312.00732}, 
}
@misc{saga,
	title={Segment Any 3D Gaussians}, 
	author={Jiazhong Cen and Jiemin Fang and Chen Yang and Lingxi Xie and Xiaopeng Zhang and Wei Shen and Qi Tian},
	year={2025},
	eprint={2312.00860},
	archivePrefix={arXiv},
	primaryClass={cs.CV},
	url={https://arxiv.org/abs/2312.00860}, 
}
@misc{dyn1,
	title={SADG: Segment Any Dynamic Gaussian Without Object Trackers}, 
	author={Yun-Jin Li and Mariia Gladkova and Yan Xia and Daniel Cremers},
	year={2024},
	eprint={2411.19290},
	archivePrefix={arXiv},
	primaryClass={cs.CV},
	url={https://arxiv.org/abs/2411.19290}, 
}
@misc{dyn2,
	title={Segment Any 4D Gaussians}, 
	author={Shengxiang Ji and Guanjun Wu and Jiemin Fang and Jiazhong Cen and Taoran Yi and Wenyu Liu and Qi Tian and Xinggang Wang},
	year={2024},
	eprint={2407.04504},
	archivePrefix={arXiv},
	primaryClass={cs.CV},
	url={https://arxiv.org/abs/2407.04504}, 
}
@misc{automatic,
	title={Learning Segmented 3D Gaussians via Efficient Feature Unprojection for Zero-shot Neural Scene Segmentation}, 
	author={Bin Dou and Tianyu Zhang and Zhaohui Wang and Yongjia Ma and Zejian Yuan},
	year={2024},
	eprint={2401.05925},
	archivePrefix={arXiv},
	primaryClass={cs.CV},
	url={https://arxiv.org/abs/2401.05925}, 
}
@misc{other1,
	title={2D-Guided 3D Gaussian Segmentation}, 
	author={Kun Lan and Haoran Li and Haolin Shi and Wenjun Wu and Yong Liao and Lin Wang and Pengyuan Zhou},
	year={2023},
	eprint={2312.16047},
	archivePrefix={arXiv},
	primaryClass={cs.CV},
	url={https://arxiv.org/abs/2312.16047}, 
}
@misc{other2,
	title={Gaga: Group Any Gaussians via 3D-aware Memory Bank}, 
	author={Weijie Lyu and Xueting Li and Abhijit Kundu and Yi-Hsuan Tsai and Ming-Hsuan Yang},
	year={2025},
	eprint={2404.07977},
	archivePrefix={arXiv},
	primaryClass={cs.CV},
	url={https://arxiv.org/abs/2404.07977}, 
}
@misc{other3,
	title={Contrastive Gaussian Clustering: Weakly Supervised 3D Scene Segmentation}, 
	author={Myrna C. Silva and Mahtab Dahaghin and Matteo Toso and Alessio Del Bue},
	year={2024},
	eprint={2404.12784},
	archivePrefix={arXiv},
	primaryClass={cs.CV},
	url={https://arxiv.org/abs/2404.12784}, 
}
@misc{other4,
	title={Gradient-Driven 3D Segmentation and Affordance Transfer in Gaussian Splatting Using 2D Masks}, 
	author={Joji Joseph and Bharadwaj Amrutur and Shalabh Bhatnagar},
	year={2024},
	eprint={2409.11681},
	archivePrefix={arXiv},
	primaryClass={cs.CV},
	url={https://arxiv.org/abs/2409.11681}, 
}
@misc{SAGD,
	title={SAGD: Boundary-Enhanced Segment Anything in 3D Gaussian via Gaussian Decomposition}, 
	author={Xu Hu and Yuxi Wang and Lue Fan and Chuanchen Luo and Junsong Fan and Zhen Lei and Qing Li and Junran Peng and Zhaoxiang Zhang},
	year={2025},
	eprint={2401.17857},
	archivePrefix={arXiv},
	primaryClass={cs.CV},
	url={https://arxiv.org/abs/2401.17857}, 
}
@article{SAM,
	title={Segment Anything},
	author={Kirillov, Alexander and Mintun, Eric and Ravi, Nikhila and Mao, Hanzi and Rolland, Chloe and Gustafson, Laura and Xiao, Tete and Whitehead, Spencer and Berg, Alexander C. and Lo, Wan-Yen and Doll{\'a}r, Piotr and Girshick, Ross},
	journal={arXiv:2304.02643},
	year={2023}
}